23700000         207150434000117000000000000000949590134800000000016500 SINASC SINALIZACAO E CONSTRUCABRADESCO S/A                            20804202508183300005405001600                                                         94959       
23700541E0440050 207150434000117000000000000000949590134800000000016500 SINASC SINALIZACAO E CONSTRUCA                                        07042025000000000000099775CFBRL00054                                                              
2370002300001E0  207150434000117000000000000000949590134800000000016500 SINASC SINALIZACAO E CONSTRUCA      CDS00                    S0704202507042025000000000003000000C2093212TRANSFERENCIA PIX        1604359REM: SINASC SINALIZACAO E  07/0 
2370003300002E0  207150434000117000000000000000949590134800000000016500 SINASC SINALIZACAO E CONSTRUCA      DPV00                    N0704202507042025000000000000009022D1120311PAGTO ELETRON  COBRANCA  0006272637835667                       
2370004300003E0  207150434000117000000000000000949590134800000000016500 SINASC SINALIZACAO E CONSTRUCA      DPV00                    N0704202507042025000000000000056500D1120311PAGTO ELETRON  COBRANCA  0006273642157032                       
2370005300004E0  207150434000117000000000000000949590134800000000016500 SINASC SINALIZACAO E CONSTRUCA      DPV00                    N0704202507042025000000000000015312D1120311PAGTO ELETRON  COBRANCA  0006274645407756                       
2370006300005E0  207150434000117000000000000000949590134800000000016500 SINASC SINALIZACAO E CONSTRUCA      DPV00                    N0704202507042025000000000000004664D1120311PAGTO ELETRON  COBRANCA  000627533339180                        
2370007300006E0  207150434000117000000000000000949590134800000000016500 SINASC SINALIZACAO E CONSTRUCA      DPV00                    N0704202507042025000000000000010413D1120311PAGTO ELETRON  COBRANCA  0006276796678014                       
2370008300007E0  207150434000117000000000000000949590134800000000016500 SINASC SINALIZACAO E CONSTRUCA      DPV00                    N0704202507042025000000000000010413D1120311PAGTO ELETRON  COBRANCA  0006277796566895                       
2370009300008E0  207150434000117000000000000000949590134800000000016500 SINASC SINALIZACAO E CONSTRUCA      DPV00                    N0704202507042025000000000000015619D1120311PAGTO ELETRON  COBRANCA  0006278796570213                       
2370010300009E0  207150434000117000000000000000949590134800000000016500 SINASC SINALIZACAO E CONSTRUCA      DPV00                    N0704202507042025000000000000000800D1050777TARIFA BANCARIA          0000002PAGAMENTO FUNCs NET EMPRESA     
2370011300010E0  207150434000117000000000000000949590134800000000016500 SINASC SINALIZACAO E CONSTRUCA      DPV00                    N0704202507042025000000000000010412D1040907PAGTO ELETRONICO TRIBUTO 5840000INTERNET --DETRAN RS            
2370012300011E0  207150434000117000000000000000949590134800000000016500 SINASC SINALIZACAO E CONSTRUCA      DPV00                    N0704202507042025000000000000010412D1040907PAGTO ELETRONICO TRIBUTO 5840000INTERNET --DETRAN RS            
2370013300012E0  207150434000117000000000000000949590134800000000016500 SINASC SINALIZACAO E CONSTRUCA      DPV00                    N0704202507042025000000000000010412D1040907PAGTO ELETRONICO TRIBUTO 5840000INTERNET --DETRAN RS            
2370014300013E0  207150434000117000000000000000949590134800000000016500 SINASC SINALIZACAO E CONSTRUCA      DPV00                    N0704202507042025000000000000010412D1040907PAGTO ELETRONICO TRIBUTO 5840000INTERNET --DETRAN RS            
2370015300014E0  207150434000117000000000000000949590134800000000016500 SINASC SINALIZACAO E CONSTRUCA      DPV00                    N0704202507042025000000000000013000D1020982CONTA DE TELEFONE        5960033INTERNET --CLARO S.A.           
2370016300015E0  207150434000117000000000000000949590134800000000016500 SINASC SINALIZACAO E CONSTRUCA      DPV00                    N0704202507042025000000000000015491D1020983CONTA DE LUZ             5970102INTERNET --COPEL DISTRIB./PR    
2370017300016E0  207150434000117000000000000000949590134800000000016500 SINASC SINALIZACAO E CONSTRUCA      DPV00                    N0704202507042025000000000000021032D1020983CONTA DE LUZ             5970102INTERNET --COPEL DISTRIB./PR    
2370018300017E0  207150434000117000000000000000949590134800000000016500 SINASC SINALIZACAO E CONSTRUCA      DPV00                    N0704202507042025000000000000070210D1020983CONTA DE LUZ             5970102INTERNET --COPEL DISTRIB./PR    
2370019300018E0  207150434000117000000000000000949590134800000000016500 SINASC SINALIZACAO E CONSTRUCA      DPV00                    N0704202507042025000000000000103806D1020983CONTA DE LUZ             5970102INTERNET --COPEL DISTRIB./PR    
2370020300019E0  207150434000117000000000000000949590134800000000016500 SINASC SINALIZACAO E CONSTRUCA      DPV00                    N0704202507042025000000000000804522D1020984CONTA DE AGUA E ESGOTO   5980012INTERNET --RIO  SANEAMENTO BL3  
2370021300020E0  207150434000117000000000000000949590134800000000016500 SINASC SINALIZACAO E CONSTRUCA      DPV00                    N0704202507042025000000000000019091D1020984CONTA DE AGUA E ESGOTO   5980970INTERNET --SANEPAR-PR           
2370022300021E0  207150434000117000000000000000949590134800000000016500 SINASC SINALIZACAO E CONSTRUCA      DPV00                    N0704202507042025000000000000021428D1020984CONTA DE AGUA E ESGOTO   5980996INTERNET --SANEPAR-PR           
2370023300022E0  207150434000117000000000000000949590134800000000016500 SINASC SINALIZACAO E CONSTRUCA      DPV00                    N0704202507042025000000000000007253D1020984CONTA DE AGUA E ESGOTO   5982724INTERNET --SANEPAR-PR           
2370024300023E0  207150434000117000000000000000949590134800000000016500 SINASC SINALIZACAO E CONSTRUCA      DPV00                    N0704202507042025000000000000012707D1020984CONTA DE AGUA E ESGOTO   5983302INTERNET --SANEPAR-PR           
2370025300024E0  207150434000117000000000000000949590134800000000016500 SINASC SINALIZACAO E CONSTRUCA      DPV00                    N0704202507042025000000000000049707D1020984CONTA DE AGUA E ESGOTO   5983441INTERNET --SANEPAR-PR           
2370026300025E0  207150434000117000000000000000949590134800000000016500 SINASC SINALIZACAO E CONSTRUCA      DPV00                    N0704202507042025000000000000021418D1020984CONTA DE AGUA E ESGOTO   5983723INTERNET --SANEPAR-PR           
2370027300026E0  207150434000117000000000000000949590134800000000016500 SINASC SINALIZACAO E CONSTRUCA      DPV00                    N0704202507042025000000000000017966D1020984CONTA DE AGUA E ESGOTO   5985554INTERNET --SABESP/SP            
2370028300027E0  207150434000117000000000000000949590134800000000016500 SINASC SINALIZACAO E CONSTRUCA      DPV00                    N0704202507042025000000000000004968D1020984CONTA DE AGUA E ESGOTO   5986312INTERNET --SANEAGO/GO           
2370029300028E0  207150434000117000000000000000949590134800000000016500 SINASC SINALIZACAO E CONSTRUCA      DPV00                    N0704202507042025000000000000011514D1020984CONTA DE AGUA E ESGOTO   5987045INTERNET --CORSAN/RS            
2370030300029E0  207150434000117000000000000000949590134800000000016500 SINASC SINALIZACAO E CONSTRUCA      DPV00                    N0704202507042025000000000000018782D1020984CONTA DE AGUA E ESGOTO   5987428INTERNET --SABESP/SP            
2370031300030E0  207150434000117000000000000000949590134800000000016500 SINASC SINALIZACAO E CONSTRUCA      DPV00                    N0704202507042025000000000000005821D1020984CONTA DE AGUA E ESGOTO   5988583INTERNET --SANEPAR-PR           
2370032300031E0  207150434000117000000000000000949590134800000000016500 SINASC SINALIZACAO E CONSTRUCA      DPV00                    N0704202507042025000000000000015396D1020984CONTA DE AGUA E ESGOTO   5988694INTERNET --SABESP/SP            
2370033300032E0  207150434000117000000000000000949590134800000000016500 SINASC SINALIZACAO E CONSTRUCA      CDS00                    N0704202507042025000000000000100000D1171158TRANSF CC PARA CC PJ     0182978MILTON TAVARES                  
2370034300033E0  207150434000117000000000000000949590134800000000016500 SINASC SINALIZACAO E CONSTRUCA      CDS00                    N0704202507042025000000000000200000D1171158TRANSF CC PARA CC PJ     0641982CISLENE MENDES DA SILVA         
2370035300034E0  207150434000117000000000000000949590134800000000016500 SINASC SINALIZACAO E CONSTRUCA      CDS00                    N0704202507042025000000000000150000D1171158TRANSF CC PARA CC PJ     0641988ELIANE LIMA VITORIA OLIVEIRA    
2370036300035E0  207150434000117000000000000000949590134800000000016500 SINASC SINALIZACAO E CONSTRUCA      CDS00                    N0704202507042025000000000000175533D1171158TRANSF CC PARA CC PJ     1348974ANGELA MARIA ANDERSEN IAHN      
2370037300036E0  207150434000117000000000000000949590134800000000016500 SINASC SINALIZACAO E CONSTRUCA      CDS00                    N0704202507042025000000000000187404D1171158TRANSF CC PARA CC PJ     1348991JUCEMAR ALVES NUNES             
2370038300037E0  207150434000117000000000000000949590134800000000016500 SINASC SINALIZACAO E CONSTRUCA      CDS00                    N0704202507042025000000000000120000D1171158TRANSF CC PARA CC PJ     1461985DOUGLAS RODRIGUES FERREIRA      
2370039300038E0  207150434000117000000000000000949590134800000000016500 SINASC SINALIZACAO E CONSTRUCA      CDS00                    N0704202507042025000000000000180000D1171158TRANSF CC PARA CC PJ     1977963MICHAEL ANTONIO DA SILVA        
2370040300039E0  207150434000117000000000000000949590134800000000016500 SINASC SINALIZACAO E CONSTRUCA      CDS00                    N0704202507042025000000000000100000D1171158TRANSF CC PARA CC PJ     2143968ROSENO DUARTE MESQUITA          
2370041300040E0  207150434000117000000000000000949590134800000000016500 SINASC SINALIZACAO E CONSTRUCA      CDS00                    N0704202507042025000000000000150000D1171158TRANSF CC PARA CC PJ     6439967VALMIR MATIAS DOS SANTOS        
2370042300041E0  207150434000117000000000000000949590134800000000016500 SINASC SINALIZACAO E CONSTRUCA      CDS00                    N0704202507042025000000000000120000D1171159TRANSF CC PARA CP PJ     0257981APARECIDA MARIA SILVA           
23700435         207150434000117000000000000000949590134800000000016500                 00000000000000000000000000000000000000000000000000000007042025000000000000218335CP000043000000000002881440000000000003000000                            
23799999         000043000045000001                                                                                                                                                                                                             
